
@article{salamon:MelodyReview:IEEESPM13,
	Author = {Salamon, J. and G{\'o}mez, E. and Ellis, D.~P.~W. and Richard, G.},
	Date-Added = {2013-06-13 13:26:44 +0200},
	Date-Modified = {2014-04-16 15:50:07 +0000},
	Journal = {IEEE Signal Processing Magazine},
	Month = {Mar.},
	Number = {2},
	Pages = {118--134},
	Title = {Melody Extraction from Polyphonic Music Signals: Approaches, Applications and Challenges},
	Volume = {31},
	Year = {2014}}

	
@article{polinerMelodyEval,
	Author = {Poliner, G. E. and Ellis, D. P. W. and Ehmann, A.~F. and G{\'o}mez, E. and Streich, S. and Ong, B.},
	Date-Modified = {2013-07-09 16:34:20 +0200},
	Journal = {IEEE Trans.~on Audio, Speech, and Language Processing},
	Number = {4},
	Pages = {1247--1256},
	Title = {Melody Transcription from Music Audio: Approaches and Evaluation},
	Volume = {15},
	Year = {2007}}
	